<record><leader>00000cas a22000007a 4500</leader><controlfield tag="001">38530824</controlfield><controlfield tag="008">980302d1uuu1917sduwr ne      0   a0eng d</controlfield><datafield ind1=" " ind2=" " tag="010"><subfield code="a">sn 98069005 </subfield></datafield><datafield ind1=" " ind2=" " tag="040"><subfield code="a">SXN</subfield><subfield code="b">eng</subfield><subfield code="c">SXN</subfield><subfield code="d">OCLCQ</subfield><subfield code="d">OCLCF</subfield><subfield code="d">OCLCO</subfield></datafield><datafield ind1=" " ind2=" " tag="042"><subfield code="a">msc</subfield></datafield><datafield ind1=" " ind2=" " tag="043"><subfield code="a">n-us-sd</subfield></datafield><datafield ind1="0" ind2="4" tag="245"><subfield code="a">The Sanborn County herald.</subfield></datafield><datafield ind1=" " ind2=" " tag="260"><subfield code="a">Woonsocket, Sanborn County, S.D. :</subfield><subfield code="b">Chas. S. Reed</subfield></datafield><datafield ind1=" " ind2=" " tag="300"><subfield code="a">v.</subfield></datafield><datafield ind1=" " ind2=" " tag="310"><subfield code="a">Weekly</subfield></datafield><datafield ind1="0" ind2=" " tag="362"><subfield code="a">-v. 20, no. 16 (Apr. 26, 1917).</subfield></datafield><datafield ind1=" " ind2=" " tag="530"><subfield code="a">Available on microfilm from: State Archives, South Dakota State Historical Society.</subfield></datafield><datafield ind1=" " ind2=" " tag="580"><subfield code="a">Merged with: Woonsocket times, to form: Sanborn County herald-times.</subfield></datafield><datafield ind1=" " ind2=" " tag="588"><subfield code="a">Description based on: Vol. 6, no. 22 (May 23, 1903).</subfield></datafield><datafield ind1=" " ind2="0" tag="651"><subfield code="a">Woonsocket (S.D.)</subfield><subfield code="v">Newspapers.</subfield></datafield><datafield ind1=" " ind2="0" tag="651"><subfield code="a">Sanborn County (S.D.)</subfield><subfield code="v">Newspapers.</subfield></datafield><datafield ind1=" " ind2="7" tag="655"><subfield code="a">Newspapers.</subfield><subfield code="2">fast</subfield><subfield code="0">(OCoLC)fst01423814</subfield></datafield><datafield ind1=" " ind2="7" tag="651"><subfield code="a">South Dakota</subfield><subfield code="z">Sanborn County.</subfield><subfield code="2">fast</subfield><subfield code="0">(OCoLC)fst01214158</subfield></datafield><datafield ind1=" " ind2="7" tag="651"><subfield code="a">South Dakota</subfield><subfield code="z">Woonsocket.</subfield><subfield code="2">fast</subfield><subfield code="0">(OCoLC)fst01227974</subfield></datafield><datafield ind1=" " ind2=" " tag="752"><subfield code="a">United States</subfield><subfield code="b">South Dakota</subfield><subfield code="c">Sanborn</subfield><subfield code="d">Woonsocket.</subfield></datafield><datafield ind1="1" ind2="7" tag="785"><subfield code="t">Woonsocket times</subfield><subfield code="w">(DLC)sn 99062847</subfield></datafield><datafield ind1="1" ind2="7" tag="785"><subfield code="t">Sanborn County herald-times</subfield><subfield code="w">(DLC)sn 99062848</subfield></datafield></record>